<record><leader>00000cas a22000007a 4500</leader><controlfield tag="001">8786331</controlfield><controlfield tag="008">820918d18511852ctuer ne      0   a0eng  </controlfield><controlfield tag="009">466</controlfield><datafield ind1=" " ind2=" " tag="010"><subfield code="a">sn 82014524 </subfield></datafield><datafield ind1=" " ind2=" " tag="040"><subfield code="a">DLC</subfield><subfield code="b">eng</subfield><subfield code="c">DLC</subfield><subfield code="d">CNW</subfield><subfield code="d">OCL</subfield><subfield code="d">CNW</subfield><subfield code="d">OCLCO</subfield><subfield code="d">OCLCA</subfield><subfield code="d">OCLCF</subfield></datafield><datafield ind1="1" ind2=" " tag="029"><subfield code="a">AU@</subfield><subfield code="b">000020225054</subfield></datafield><datafield ind1=" " ind2=" " tag="042"><subfield code="a">msc</subfield></datafield><datafield ind1="0" ind2="0" tag="050"><subfield code="a">Newspaper 7225-X</subfield></datafield><datafield ind1="0" ind2="0" tag="245"><subfield code="a">Middletown oasis.</subfield></datafield><datafield ind1=" " ind2=" " tag="260"><subfield code="a">Middletown, Conn. :</subfield><subfield code="b">A. Putnam,</subfield></datafield><datafield ind1=" " ind2=" " tag="300"><subfield code="a">v. ;</subfield><subfield code="c">68 cm.</subfield></datafield><datafield ind1=" " ind2=" " tag="310"><subfield code="a">Biweekly,</subfield><subfield code="b">July 5, 1851-1852</subfield></datafield><datafield ind1=" " ind2=" " tag="321"><subfield code="a">Semimonthly,</subfield><subfield code="b">Jan.-June 21, 1851</subfield></datafield><datafield ind1="0" ind2=" " tag="362"><subfield code="a">Vol. 2, no. 27 (Jan. 4, 1851)-v. 3, no. 26 (Dec. 25, 1852).</subfield></datafield><datafield ind1=" " ind2=" " tag="500"><subfield code="a">"Devoted to literature and the good of mankind--pledged to no cause, linked to no sect, free to think and to write."</subfield></datafield><datafield ind1=" " ind2=" " tag="530"><subfield code="a">Also available on microfilm from Connecticut State Library, Hartford, CT.</subfield></datafield><datafield ind1=" " ind2="0" tag="651"><subfield code="a">Middletown (Conn.)</subfield><subfield code="v">Newspapers.</subfield></datafield><datafield ind1=" " ind2="7" tag="655"><subfield code="a">Newspapers.</subfield><subfield code="2">fast</subfield><subfield code="0">(OCoLC)fst01423814</subfield></datafield><datafield ind1=" " ind2="7" tag="651"><subfield code="a">Connecticut</subfield><subfield code="z">Middletown.</subfield><subfield code="2">fast</subfield><subfield code="0">(OCoLC)fst01208112</subfield></datafield><datafield ind1="1" ind2=" " tag="700"><subfield code="a">Putnam, A.</subfield></datafield><datafield ind1=" " ind2=" " tag="752"><subfield code="a">United States</subfield><subfield code="b">Connecticut</subfield><subfield code="c">Middlesex</subfield><subfield code="d">Middletown.</subfield></datafield><datafield ind1="0" ind2="0" tag="780"><subfield code="t">Oasis (Middletown, Conn.)</subfield><subfield code="w">(DLC)sn 93053780</subfield></datafield><datafield ind1="0" ind2="0" tag="785"><subfield code="t">Rainbow (Middletown, Conn.)</subfield><subfield code="w">(DLC)sn 84027772</subfield><subfield code="w">(OCoLC)11589781</subfield></datafield></record>